<?xml version="1.0" encoding="UTF-8"?><collection xmlns="http://www.loc.gov/MARC21/slim"><record><leader>00416nam--2200145-i-4500</leader><controlfield tag="001">000009257</controlfield><controlfield tag="002">20161230</controlfield><controlfield tag="005">20161230201028</controlfield><controlfield tag="008">060222s1000------------r-----000-0-eng-d</controlfield><datafield ind1=" " ind2=" " tag="080"><subfield code="a">621.372.8</subfield></datafield><datafield ind1=" " ind2=" " tag="100"><subfield code="a">Blake, Lamont V</subfield></datafield><datafield ind1=" " ind2=" " tag="245"><subfield code="a">Transmission lines and waveguides</subfield></datafield><datafield ind1=" " ind2=" " tag="260"><subfield code="a">New Uork, John Wiley &amp; Sons, Inc., 1969. Xiii + 315 P</subfield></datafield><datafield ind1=" " ind2=" " tag="490"><subfield code="a">Wiley Series In Electronic Engineering Techno Logy</subfield></datafield><datafield ind1=" " ind2=" " tag="852"><subfield code="a">32897</subfield></datafield></record></collection>